%YAML 1.1
%TAG !u! tag:unity3d.com,2011:
--- !u!241 &24100000
AudioMixerController:
  m_ObjectHideFlags: 0
  m_PrefabParentObject: {fileID: 0}
  m_PrefabInternal: {fileID: 0}
  m_Name: MicMixer
  m_OutputGroup: {fileID: 0}
  m_MasterGroup: {fileID: 24300002}
  m_Snapshots:
  - {fileID: 24500006}
  m_StartSnapshot: {fileID: 24500006}
  m_SuspendThreshold: -80
  m_EnableSuspend: 1
  m_UpdateMode: 0
  m_ExposedParameters:
  - guid: eb59fa78ed7564840b33630e34a33ec9
    name: Volume
  m_AudioMixerGroupViews:
  - guids:
    - 0c39ae911fb93e94192cc0d4084cefba
    - a713d83cde0253f4baf660893ab2730d
    name: View
  m_CurrentViewIndex: 0
  m_TargetSnapshot: {fileID: 24500006}
--- !u!243 &24300002
AudioMixerGroupController:
  m_ObjectHideFlags: 0
  m_PrefabParentObject: {fileID: 0}
  m_PrefabInternal: {fileID: 0}
  m_Name: Master
  m_AudioMixer: {fileID: 24100000}
  m_GroupID: 0c39ae911fb93e94192cc0d4084cefba
  m_Children:
  - {fileID: 243130015255633232}
  m_Volume: 661830111034b7d4f9d57dfb8ce3f659
  m_Pitch: a92559707e790f04dab4a5312dc52bd5
  m_Effects:
  - {fileID: 24400004}
  m_UserColorIndex: 0
  m_Mute: 0
  m_Solo: 0
  m_BypassEffects: 0
--- !u!244 &24400004
AudioMixerEffectController:
  m_ObjectHideFlags: 3
  m_PrefabParentObject: {fileID: 0}
  m_PrefabInternal: {fileID: 0}
  m_Name: 
  m_EffectID: 82950816a974ceb42917a2f94c63775f
  m_EffectName: Attenuation
  m_MixLevel: a4d7c967c25076442a6fd19acbf7ced6
  m_Parameters: []
  m_SendTarget: {fileID: 0}
  m_EnableWetMix: 0
  m_Bypass: 0
--- !u!245 &24500006
AudioMixerSnapshotController:
  m_ObjectHideFlags: 0
  m_PrefabParentObject: {fileID: 0}
  m_PrefabInternal: {fileID: 0}
  m_Name: Snapshot
  m_AudioMixer: {fileID: 24100000}
  m_SnapshotID: 9298428ab8fd15a4c8b024bb4db9de21
  m_FloatValues: {}
  m_TransitionOverrides: {}
--- !u!243 &243130015255633232
AudioMixerGroupController:
  m_ObjectHideFlags: 0
  m_PrefabParentObject: {fileID: 0}
  m_PrefabInternal: {fileID: 0}
  m_Name: microphone
  m_AudioMixer: {fileID: 24100000}
  m_GroupID: a713d83cde0253f4baf660893ab2730d
  m_Children: []
  m_Volume: eb59fa78ed7564840b33630e34a33ec9
  m_Pitch: 571f52d226dc74a4dbad40307b96f9c1
  m_Effects:
  - {fileID: 244347395485222022}
  m_UserColorIndex: 0
  m_Mute: 0
  m_Solo: 0
  m_BypassEffects: 0
--- !u!244 &244347395485222022
AudioMixerEffectController:
  m_ObjectHideFlags: 3
  m_PrefabParentObject: {fileID: 0}
  m_PrefabInternal: {fileID: 0}
  m_Name: 
  m_EffectID: 13e9783d2ac92244982a39ea176190a5
  m_EffectName: Attenuation
  m_MixLevel: 4f60c75293fac054090e6a1c04bee3d7
  m_Parameters: []
  m_SendTarget: {fileID: 0}
  m_EnableWetMix: 0
  m_Bypass: 0
